%% This BibTeX bibliography file was created using BibDesk.
%% https://bibdesk.sourceforge.io/

%% Created for Benjamin Bloem-Reddy at 2019-10-18 14:42:02 -0700 


%% Saved with string encoding Unicode (UTF-8) 

@article{anastasiou2015bounds,
  title={Bounds for the asymptotic normality of the maximum likelihood estimator using the Delta method},
  author={Anastasiou, Andreas and Ley, Christophe},
  journal={arXiv preprint arXiv:1508.04948},
  year={2015}
}
@book{hogg2005introduction,
  title={Introduction to mathematical statistics},
  author={Hogg, Robert V and McKean, Joseph and Craig, Allen T},
  year={2005},
  publisher={Pearson Education},
  chapter={6}
}